<record><leader>00000cas a2200000 a 4500</leader><controlfield tag="001">34835675</controlfield><controlfield tag="007">hd afu---bucu</controlfield><controlfield tag="007">hd bfu---buau</controlfield><controlfield tag="007">hd bfu---bubu</controlfield><controlfield tag="008">960531d18uu1872oruwr p a     0   a0eng c</controlfield><datafield ind1=" " ind2=" " tag="010"><subfield code="a">sn 99063804 </subfield></datafield><datafield ind1=" " ind2=" " tag="040"><subfield code="a">SOS</subfield><subfield code="b">eng</subfield><subfield code="c">SOS</subfield><subfield code="d">OCN</subfield><subfield code="d">OCL</subfield><subfield code="d">ORU</subfield><subfield code="d">OCLCQ</subfield><subfield code="d">OCLCF</subfield><subfield code="d">OCL</subfield><subfield code="d">OCLCQ</subfield></datafield><datafield ind1=" " ind2=" " tag="042"><subfield code="a">pcc</subfield></datafield><datafield ind1=" " ind2=" " tag="043"><subfield code="a">n-us-or</subfield></datafield><datafield ind1="1" ind2="4" tag="050"><subfield code="a">F882.J14</subfield><subfield code="b">D46</subfield></datafield><datafield ind1="0" ind2=" " tag="130"><subfield code="a">Democratic review (Jacksonville, Or.)</subfield></datafield><datafield ind1="1" ind2="0" tag="245"><subfield code="a">Democratic review.</subfield></datafield><datafield ind1=" " ind2=" " tag="260"><subfield code="a">Jacksonville, Or. :</subfield><subfield code="b">Linn, Crutcher &amp; Jackson,</subfield><subfield code="c">-[1872]</subfield></datafield><datafield ind1=" " ind2=" " tag="300"><subfield code="a">volumes</subfield></datafield><datafield ind1=" " ind2=" " tag="310"><subfield code="a">Weekly</subfield></datafield><datafield ind1=" " ind2=" " tag="336"><subfield code="a">text</subfield><subfield code="b">txt</subfield><subfield code="2">rdacontent</subfield></datafield><datafield ind1=" " ind2=" " tag="337"><subfield code="a">microform</subfield><subfield code="b">h</subfield><subfield code="2">rdamedia</subfield></datafield><datafield ind1=" " ind2=" " tag="338"><subfield code="a">microfilm reel</subfield><subfield code="b">hd</subfield><subfield code="2">rdacarrier</subfield></datafield><datafield ind1="1" ind2=" " tag="362"><subfield code="a">Ceased with June 15, 1872.</subfield></datafield><datafield ind1=" " ind2=" " tag="500"><subfield code="a">"A campaign paper for the dissemination of truth and democratic principles."</subfield></datafield><datafield ind1=" " ind2=" " tag="588"><subfield code="a">Description based on: May 25, 1872; title from caption.</subfield></datafield><datafield ind1=" " ind2=" " tag="588"><subfield code="a">Latest issue consulted: June 15, 1872.</subfield></datafield><datafield ind1=" " ind2=" " tag="533"><subfield code="a">Microfilm.</subfield><subfield code="m">May 25, 1872-June 15, 1872.</subfield><subfield code="b">Eugene, Or. :</subfield><subfield code="c">University of Oregon Newspaper Microfilming.</subfield><subfield code="e">1 microfilm reel ; 35 mm.</subfield><subfield code="n">Filmed with other titles.</subfield></datafield><datafield ind1=" " ind2="0" tag="651"><subfield code="a">Jackson County (Or.)</subfield><subfield code="x">Politics and government</subfield><subfield code="y">19th century</subfield><subfield code="v">Periodicals.</subfield></datafield><datafield ind1=" " ind2="0" tag="651"><subfield code="a">Oregon</subfield><subfield code="x">Politics and government</subfield><subfield code="y">1859-1950</subfield><subfield code="v">Periodicals.</subfield></datafield><datafield ind1=" " ind2="7" tag="650"><subfield code="a">Politics and government</subfield><subfield code="2">fast</subfield><subfield code="0">(OCoLC)fst01919741</subfield></datafield><datafield ind1=" " ind2="7" tag="651"><subfield code="a">Oregon.</subfield><subfield code="2">fast</subfield><subfield code="0">(OCoLC)fst01204579</subfield></datafield><datafield ind1=" " ind2="7" tag="651"><subfield code="a">Oregon</subfield><subfield code="z">Jackson County.</subfield><subfield code="2">fast</subfield><subfield code="0">(OCoLC)fst01207605</subfield></datafield><datafield ind1=" " ind2="7" tag="648"><subfield code="a">1800-1950</subfield><subfield code="2">fast</subfield></datafield><datafield ind1=" " ind2="7" tag="655"><subfield code="a">Periodicals.</subfield><subfield code="2">fast</subfield><subfield code="0">(OCoLC)fst01411641</subfield></datafield><datafield ind1="1" ind2=" " tag="029"><subfield code="a">AU@</subfield><subfield code="b">000020107605</subfield></datafield></record>